@misc{migrationguide,
  title = {Migration Guide},
  author = {The ROS2 Project},
  howpublished = {https://docs.ros.org/en/foxy/The-ROS2-Project/Contributing/Migration-Guide.html},
  note = {Accessed: 05/08/2022}
}

@misc{ros2desc,
  title = {ROS2 Description},
  author = {The ROS2 Project},
  howpublished = {https://docs.ros.org/en/foxy/index.html},
  note = {Accessed: 27/07/2022}
}

@misc{intro2robotics,
  title = {Fondamenti di Robotica},
  author = {University of Trento},
  howpublished = {https://google.it},
  note = {Accessed: 27/07/2022}
}

@misc{ros2help,
  title = {An Introduction to Robot Operating System (ROS)},
  author = {Yahya Tawil},
  howpublished = {https://www.allaboutcircuits.com/technical-articles/an-introduction-to-robot-operating-system-ros/\#:\texttildelow:text=ROS\%20is\%20designed\%20to\%20be,using\%20the\%20publish\%2Fsubscribe\%20 model},
  note = {Accessed: 04/08/2022}
}

@misc{ros1bridge,
  title = {ROS1 Bridge},
  author = {ROS2 Project},
  howpublished = {https://github.com/ros2/ros1_bridge},
  note = {Accessed: 05/08/2022}
}

@misc{tf,
  title = {TF},
  author = {ROS.org},
  howpublished = {http://wiki.ros.org/tf},
  note = {Accessed: 07/08/2022}
}

@misc{tutorials,
  title = {The Ultimate Guide to the ROS 2 Navigation Stack},
  author = {Automatic Addison},
  howpublished = {https://automaticaddison.com/the-ultimate-guide-to-the-ros-2-navigation-stack/},
  note = {Accessed: 10/08/2022}
}

@misc{lifecycle,
  title = {Managed nodes},
  author = {Geoffrey Biggs, Tully Foote},
  howpublished = {https://design.ros2.org/articles/node\_lifecycle.html},
  note = {Accessed: 12/08/2022}
}

@misc{nav2github,
  title = {Navigation2},
  author = {ROS Planning},
  howpublished = {https://github.com/ros-planning/navigation2},
  note = {Accessed: 12/08/2022}
}

@misc{groot,
  title = {Groot},
  author = {BehaviorTree},
  howpublished = {https://github.com/BehaviorTree/Groot},
  note = {Accessed: 13/08/2022}
}

@misc{slam,
  title = {SLAM Toolbox: SLAM for the dynamic world},
  author = {Macenski, S., Jambrecic I.},
  howpublished = {https://github.com/ SteveMacenski/slam\_toolbox},
  note = {Accessed: 13/08/2022}
}

@misc{tfexample,
  title = {tf2\_monitor},
  author = {tf2\_ros, geometry2, ros2},
  howpublished = {https://github.com/ros2/geometry2/blob/rolling/tf2\_ros/ src/tf2\_monitor.cpp},
  note = {Accessed: 16/08/2022}
}

@misc{px4,
  title = {ROS 2 User Guide (PX4-ROS 2 Bridge)},
  author = {PX4 Autopilot},
  howpublished = {https://docs.px4.io/main/en/ros/ ros2\_comm.html},
  note = {Accessed: 19/08/2022}
}

@misc{dockerimage,
  title = {foxy-ros1-bridge},
  author = {Open Source Robotic Foundation},
  howpublished = {https://hub.docker.com/layers/osrf/ros/foxy-ros1-bridge/images/sha256-6eef6a0f2db151d8eba7233643fe468e74b1afa14b5ee01d5cfbc3db0d93a1 81?context=explore},
  note = {Accessed: 19/08/2022}
}

@misc{fr,
  title = {Filippo Rossi},
  author = {Filippo Rossi},
  howpublished = {https://github.com/notfilippo},
  note = {Accessed: 22/08/2022}
}

@misc{roveri,
  title = {Marco Roveri},
  author = {Marco Roveri},
  howpublished = {https://webapps.unitn.it/du/it/Persona/PER0003888/Didattica},
  note = {Accessed: 22/08/2022}
}

@manual{blender,
   title = {Blender - a 3D modelling and rendering package},
   author = {Blender Online Community},
   organization = {Blender Foundation},
   address = {Stichting Blender Foundation, Amsterdam},
   year = {2018},
   url = {http://www.blender.org},
 }